@book{saha2010robotics,
	author    = {Subir Kumar Saha},
	title     = {Introducción a la robótica},
	year      = {2010},
	publisher = {McGraw-Hill/Interamericana Editores, S.A. de C.V.},
	address   = {México, D.F.},
	translator = {Thomas W. Bartenbach},
	isbn      = {978-607-15-0313-8},
}
@book{barrientos2007fundamentos,
	author    = {Antonio Barrientos and Luis Felipe Peñín and Carlos Balaguer and Rafael Aracil},
	title     = {Fundamentos de Robótica},
	edition   = {2},
	year      = {2007},
	publisher = {McGraw-Hill/Interamericana de España, S.A.U.},
	address   = {Madrid, España},
	isbn      = {978-84-481-5636-7},
}
@book{corke2023robotics,
	author    = {Peter Corke},
	title     = {Robotics, Vision and Control: Fundamental Algorithms in Python},
	year      = {2023},
	edition   = {3},
	publisher = {Springer},
	isbn      = {978-3-031-06468-5},
	doi       = {10.1007/978-3-031-06469-2},
}
@book{reyes2011matlab,
	author    = {Fernando Reyes Cortés},
	title     = {{MATLAB} Aplicado a Robótica y Mecatrónica},
	year      = {2012},
	publisher = {Alfaomega Grupo Editor},
	address   = {México, D.F.},
	isbn      = {978-607-707-357-4},
}

@book{giroscopio,
  author    = {{Ingenierizando}},
  title     = {Giroscopio: Principios y Aplicaciones},
  year      = {2025},
  publisher = {Ingenierizando},
  address   = {México},
  url       = {https://www.ingenierizando.com/laboratorio/giroscopio/},
  note      = {Accedido el 10 de marzo de 2025}
}
@book{acelerometro,
  author    = {{Ingenierizando}},
  title     = {Acelerómetro: Funcionamiento y Aplicaciones},
  year      = {2025},
  publisher = {Ingenierizando},
  address   = {México},
  url       = {https://www.ingenierizando.com/laboratorio/acelerometro/},
  note      = {Accedido el 10 de marzo de 2025}
}

@book{magnetometro,
  author    = {{El Mundo al Instante}},
  title     = {¿Para qué sirve y cómo funciona un magnetómetro?},
  year      = {2025},
  publisher = {El Mundo al Instante},
  address   = {México},
  url       = {https://elmundoalinstante.com/para-que-sirve-y-como-funciona-un-magnetometro/},
  note      = {Accedido el 10 de marzo de 2025}
}

@book{lidar,
  author    = {{UAV Latam}},
  title     = {¿Qué es un sensor LiDAR y cómo funciona?},
  year      = {2025},
  publisher = {UAV Latam},
  address   = {México},
  url       = {https://uavlatam.com/que-es-un-sensor-lidar-como-funciona/},
  note      = {Accedido el 10 de marzo de 2025}
}

@misc{sensores_robot_industrial,
  author    = {{BFMX}},
  title     = {Sensores Internos de un Robot Industrial},
  year      = {2025},
  publisher = {BFMX},
  url       = {https://bfmx.com/maquinaria-y-equipo-para-soladura-por-resistencia/sensores-internos-de-un-robot-industrial/},
  note      = {Accedido el 10 de marzo de 2025}
}

@misc{sistema_sensorial,
  author    = {{Robótica PUJ}},
  title     = {Sistema Sensorial en Robótica},
  year      = {2025},
  publisher = {Robótica PUJ},
  url       = {https://roboticapuj.es.tl/Sistema-Sensorial.htm},
  note      = {Accedido el 10 de marzo de 2025}
}

@misc{sensores_actuadores,
  author    = {{My Electronic}},
  title     = {Sensores y Actuadores para Robot},
  year      = {2025},
  publisher = {My Electronic},
  url       = {https://myelectronic.ueuo.com/SensoresyActuadores/Sensores%20y%20Actuadores%20para%20Robot.pdf},
  note      = {Accedido el 10 de marzo de 2025}
}

@misc{sensor_posicion_potenciometrico,
  author    = {{DirectIndustry}},
  title     = {Sensor de Posición Potenciométrico: Funcionamiento y Aplicaciones},
  year      = {2025},
  publisher = {DirectIndustry},
  url       = {https://www.directindustry.es/fabricante-industrial/sensor-posicion-potenciometrico-148672.html},
  note      = {Accedido el 10 de marzo de 2025}
}

@misc{sensor_posicion_elegir,
  author    = {{DirectIndustry}},
  title     = {¿Qué Sensor de Posición Elegir? Guía Técnica},
  year      = {2025},
  publisher = {DirectIndustry},
  url       = {https://guide.directindustry.com/es/que-sensor-de-posicion-elegir/},
  note      = {Accedido el 10 de marzo de 2025}
}
@misc{piezo_switch,
  author    = {{Langir}},
  title     = {¿Cómo Funciona un Interruptor Piezoeléctrico?},
  year      = {2025},
  publisher = {Langir},
  url       = {https://www.langir.com/es/news/how-does-a-piezo-switches-work/},
  note      = {Accedido el 10 de marzo de 2025}
}
@misc{sensores_velocidad,
  author    = {{CBM Connect}},
  title     = {Sensores para Medir la Velocidad},
  year      = {2025},
  publisher = {CBM Connect},
  url       = {https://esp.cbmconnect.com/sensores-para-medir-la-velocidad/},
  note      = {Accedido el 10 de marzo de 2025}
}

@misc{sensor_efecto_hall,
  author    = {{Electricidad y Magnetismo}},
  title     = {Sensor de Proximidad por Efecto Hall},
  year      = {2025},
  publisher = {Electricidad y Magnetismo},
  url       = {https://www.electricity-magnetism.org/es/sensor-de-proximidad-efecto-hall/},
  note      = {Accedido el 10 de marzo de 2025}
}

@misc{sensor_aeroexpo,
  author    = {{San Giorgio Sein Srl}},
  title     = {Sensor de Posición para Aviación},
  year      = {2025},
  publisher = {AeroExpo},
  url       = {https://www.aeroexpo.online/es/prod/san-giorgio-sein-srl/product-186310-63381.html},
  note      = {Accedido el 10 de marzo de 2025}
}

@misc{tacometro_peak_meter,
  author    = {{MercadoLibre México}},
  title     = {Tacómetro Digital de Contacto Peak Meter PM6208A},
  year      = {2025},
  publisher = {MercadoLibre México},
  url       = {https://articulo.mercadolibre.com.mx/MLM-1367015390-tacometro-digital-de-contacto-peak-meter-pm6208a-_JM},
  note      = {Accedido el 10 de marzo de 2025}
}

@misc{tacometro_rentingfinders,
  author    = {{Renting Finders}},
  title     = {Tacómetro: Definición y Usos},
  year      = {2025},
  publisher = {Renting Finders},
  url       = {https://rentingfinders.com/glosario/tacometro/},
  note      = {Accedido el 10 de marzo de 2025}
}

@misc{sensores_lineales,
  author    = {{Mapro Sensor}},
  title     = {Sensores Lineales: Características y Aplicaciones},
  year      = {2025},
  publisher = {Mapro Sensor},
  url       = {https://maprosensor.com/sensores-lineales},
  note      = {Accedido el 10 de marzo de 2025}
}

@misc{sensor_posicion_cd18,
  author    = {{Megatron}},
  title     = {Sensor de Posición Lineal Potenciométrico CD18},
  year      = {2025},
  publisher = {Megatron},
  url       = {https://www.megatron.de/es/productos/potentiometric-position-sensors/potentiometric-linear-position-sensor-cd18.html},
  note      = {Accedido el 10 de marzo de 2025}
}

@misc{sensor_angulo,
  author    = {{Mapro Sensor}},
  title     = {Sensores de Ángulo: Tipos y Aplicaciones},
  year      = {2025},
  publisher = {Mapro Sensor},
  url       = {https://maprosensor.com/sensores-angulo},
  note      = {Accedido el 10 de marzo de 2025}
}

@misc{potenciometros_rotativos,
  author    = {{TE Connectivity}},
  title     = {Potenciómetros Rotativos: Sensores de Posición},
  year      = {2025},
  publisher = {TE Connectivity},
  url       = {https://www.te.com/es/products/sensors/position-sensors/potentiometer-sensors/rotary-potentiometers.html?tab=pgp-story},
  note      = {Accedido el 10 de marzo de 2025}
}

@misc{sensores_proximidad,
  author    = {{Schmersal LATAM}},
  title     = {Sensores de Proximidad Inductivos y Capacitivos},
  year      = {2025},
  publisher = {Schmersal LATAM},
  url       = {https://www.schmersal-latam.com/automatizacion/sensores-inductivos-y-capacitivos},
  note      = {Accedido el 10 de marzo de 2025}
}

@misc{sensor_magnetostrictivo,
  author    = {{Made in China}},
  title     = {Sensor de Posición Magnetoestrictivo para la Industria Química},
  year      = {2025},
  publisher = {Made in China},
  url       = {https://es.made-in-china.com/co_tecsensors/product_Non-Contact-Displacement-Sensor-Magnetic-Position-Transducer-Magnetostrictive-Position-Sensor-for-Chemical-Industry_uoihhsshyu.html},
  note      = {Accedido el 10 de marzo de 2025}
}

@misc{sensor_gps_campbellsci,
  author    = {{Campbell Scientific}},
  title     = {Sensores GPS: Posición, Velocidad y Tiempo},
  year      = {2025},
  publisher = {Campbell Scientific},
  url       = {https://www-campbellsci-eu.translate.goog/gps},
  note      = {Accedido el 10 de marzo de 2025}
}

@misc{sensor_gps_neo6m,
  author    = {{MercadoLibre México}},
  title     = {Sensor GPS NEO-6M para Arduino},
  year      = {2025},
  publisher = {MercadoLibre México},
  url       = {https://articulo.mercadolibre.com.mx/MLM-564272454-sensor-gps-neo-6m-posicionamiento-arduino-_JM},
  note      = {Accedido el 10 de marzo de 2025}
}

@misc{acelerometro_wikipedia,
  author    = {{Wikipedia}},
  title     = {Acelerómetro: Funcionamiento y Aplicaciones},
  year      = {2025},
  publisher = {Wikipedia},
  url       = {https://es.wikipedia.org/wiki/Aceler%C3%B3metro},
  note      = {Accedido el 10 de marzo de 2025}
}
